@misc{Lichman,
author = "M. Lichman",
year = "2013",
title = "{UCI} Machine Learning Repository",
url = "http://archive.ics.uci.edu/ml",
institution = "University of California, Irvine, School of Information and Computer Sciences" }


@misc{Thyroid,
     author="Jerome M. Hershman",
     publisher = "Merck & Co.",
     title = "Overview of the Thyroid Gland",
     url = "http://www.merckmanuals.com/home/hormonal-and-metabolic-disorders/thyroid-gland-disorders/overview-of-the-thyroid-gland?qt=thyroxine&alt=sh"
}

@article{NaiveBayes,
     title="Naive Bayes",
     year="2014",
     organization="scitkit-learn developers",
     publisher="scikit learn",
     url="http://scikit-learn.org/stable/modules/naive\_bayes.html"
}
